@book{Arnold,
  title = {Graduate Texts in Mathematics - Mathematical methods of Classical Mechanics},
  subtitle = {},
  author = {V.I. Arnold},
  year = {1989},
  publisher = {Springer},
}